<record><leader>00000cas a2200000 a 4500</leader><controlfield tag="001">5157789</controlfield><controlfield tag="008">790711d19521985iluwr ne      0   a0eng c</controlfield><datafield ind1=" " ind2=" " tag="010"><subfield code="a">sn 79005124 </subfield></datafield><datafield ind1=" " ind2=" " tag="040"><subfield code="a">NSD</subfield><subfield code="b">eng</subfield><subfield code="c">NSD</subfield><subfield code="d">CVF</subfield><subfield code="d">OCLCQ</subfield><subfield code="d">NVF</subfield><subfield code="d">OCLCO</subfield><subfield code="d">OCLCF</subfield></datafield><datafield ind1=" " ind2=" " tag="012"><subfield code="j">0</subfield><subfield code="m">d</subfield></datafield><datafield ind1="1" ind2=" " tag="022"><subfield code="a">0193-3256</subfield><subfield code="l">0193-3256</subfield></datafield><datafield ind1="1" ind2=" " tag="029"><subfield code="a">AU@</subfield><subfield code="b">000022770215</subfield></datafield><datafield ind1=" " ind2=" " tag="042"><subfield code="a">pcc</subfield></datafield><datafield ind1=" " ind2=" " tag="043"><subfield code="a">n-us-il</subfield></datafield><datafield ind1="0" ind2=" " tag="130"><subfield code="a">Citizen (Chicago, Ill. : 1952)</subfield></datafield><datafield ind1="1" ind2="4" tag="245"><subfield code="a">The citizen.</subfield></datafield><datafield ind1=" " ind2=" " tag="260"><subfield code="a">Chicago, Ill. :</subfield><subfield code="b">Pickwick Pub. Co.,</subfield><subfield code="c">1952-1985.</subfield></datafield><datafield ind1="2" ind2=" " tag="260"><subfield code="3">1952-1985</subfield><subfield code="a">Park Ridge, Ill. ;</subfield><subfield code="a">Wilmette, Ill. :</subfield><subfield code="b">Pioneer Press, Inc.</subfield></datafield><datafield ind1=" " ind2=" " tag="300"><subfield code="a">v.</subfield></datafield><datafield ind1=" " ind2=" " tag="310"><subfield code="a">Weekly</subfield></datafield><datafield ind1="0" ind2=" " tag="362"><subfield code="a">Vol. 20, no. 26 (May 2, 1952)-v. 48, no. 12 (Sept. 12, 1985).</subfield></datafield><datafield ind1=" " ind2=" " tag="500"><subfield code="a">Also published in Park Ridge, Ill. and Wilmette, Ill. by Pioneer Press, Inc.</subfield></datafield><datafield ind1=" " ind2=" " tag="515"><subfield code="a">Continues the numbering of Norwood Park citizen.</subfield></datafield><datafield ind1=" " ind2="0" tag="651"><subfield code="a">Norwood Park (Chicago, Ill.)</subfield><subfield code="v">Newspaper.</subfield></datafield><datafield ind1=" " ind2="0" tag="651"><subfield code="a">Norridge (Ill.)</subfield><subfield code="v">Newspapers.</subfield></datafield><datafield ind1=" " ind2="0" tag="651"><subfield code="a">Harwood Heights (Ill.)</subfield><subfield code="v">Newspapers.</subfield></datafield><datafield ind1=" " ind2="0" tag="651"><subfield code="a">Edison Park (Chicago, Ill.)</subfield><subfield code="v">Newspapers.</subfield></datafield><datafield ind1=" " ind2="7" tag="655"><subfield code="a">Newspapers.</subfield><subfield code="2">fast</subfield><subfield code="0">(OCoLC)fst01423814</subfield></datafield><datafield ind1=" " ind2="7" tag="651"><subfield code="a">Illinois</subfield><subfield code="z">Chicago</subfield><subfield code="z">Edison Park.</subfield><subfield code="2">fast</subfield><subfield code="0">(OCoLC)fst01926120</subfield></datafield><datafield ind1=" " ind2="7" tag="651"><subfield code="a">Illinois</subfield><subfield code="z">Chicago</subfield><subfield code="z">Norwood Park.</subfield><subfield code="2">fast</subfield><subfield code="0">(OCoLC)fst01328253</subfield></datafield><datafield ind1=" " ind2="7" tag="651"><subfield code="a">Illinois</subfield><subfield code="z">Harwood Heights.</subfield><subfield code="2">fast</subfield><subfield code="0">(OCoLC)fst01226537</subfield></datafield><datafield ind1=" " ind2="7" tag="651"><subfield code="a">Illinois</subfield><subfield code="z">Norridge.</subfield><subfield code="2">fast</subfield><subfield code="0">(OCoLC)fst01232876</subfield></datafield><datafield ind1=" " ind2=" " tag="752"><subfield code="a">United States</subfield><subfield code="b">Illinois</subfield><subfield code="c">Cook</subfield><subfield code="d">Chicago.</subfield></datafield><datafield ind1=" " ind2=" " tag="752"><subfield code="a">United States</subfield><subfield code="b">Illinois</subfield><subfield code="c">Cook</subfield><subfield code="d">Park Ridge.</subfield></datafield><datafield ind1=" " ind2=" " tag="752"><subfield code="a">United States</subfield><subfield code="b">Illinois</subfield><subfield code="c">Cook</subfield><subfield code="d">Wilmette.</subfield></datafield><datafield ind1="0" ind2="0" tag="780"><subfield code="t">Norwood Park citizen</subfield><subfield code="w">(DLC)sn2001061337</subfield><subfield code="w">(OCoLC)47197979</subfield></datafield><datafield ind1="0" ind2="0" tag="785"><subfield code="t">Norridge news</subfield><subfield code="x">0885-7814</subfield><subfield code="w">(DLC)sn 85005330</subfield><subfield code="w">(OCoLC)12715694</subfield></datafield></record>